@misc{
    Sample,
    title={Title},
    author={Author},
    year={20XX}
}
